<record><leader>00000cas a22000007a 4500</leader><controlfield tag="001">12619395</controlfield><controlfield tag="008">850930c19789999iauwr ne      0   a0eng d</controlfield><datafield ind1=" " ind2=" " tag="010"><subfield code="a">sn 85050940 </subfield></datafield><datafield ind1=" " ind2=" " tag="040"><subfield code="a">INP</subfield><subfield code="b">eng</subfield><subfield code="c">INP</subfield><subfield code="d">OCL</subfield><subfield code="d">NSD</subfield><subfield code="d">OCLCQ</subfield></datafield><datafield ind1=" " ind2=" " tag="012"><subfield code="m">1</subfield></datafield><datafield ind1="1" ind2=" " tag="022"><subfield code="a">1040-6085</subfield><subfield code="l">1040-6085</subfield><subfield code="2">1</subfield></datafield><datafield ind1=" " ind2=" " tag="032"><subfield code="a">430110</subfield><subfield code="b">USPS</subfield></datafield><datafield ind1=" " ind2=" " tag="037"><subfield code="b">Stratford Courier, Box 457, Stratford, IA 50249</subfield></datafield><datafield ind1=" " ind2=" " tag="042"><subfield code="a">msc</subfield><subfield code="a">nsdp</subfield></datafield><datafield ind1="0" ind2=" " tag="130"><subfield code="a">Stratford courier (Stratford, Iowa : 1978)</subfield></datafield><datafield ind1=" " ind2="0" tag="222"><subfield code="a">Stratford courier</subfield><subfield code="b">(Stratford, Iowa. 1978)</subfield></datafield><datafield ind1="1" ind2="4" tag="245"><subfield code="a">The Stratford courier.</subfield></datafield><datafield ind1=" " ind2=" " tag="260"><subfield code="a">Stratford, Iowa :</subfield><subfield code="b">Bob and Nancy Bell,</subfield><subfield code="c">1978-</subfield></datafield><datafield ind1=" " ind2=" " tag="300"><subfield code="a">v. :</subfield><subfield code="b">ill.</subfield></datafield><datafield ind1=" " ind2=" " tag="310"><subfield code="a">Weekly</subfield></datafield><datafield ind1="0" ind2=" " tag="362"><subfield code="a">Vol. 1, no. 1 (Apr. 4, 1978)-</subfield></datafield><datafield ind1=" " ind2=" " tag="500"><subfield code="a">Publishers: Bob and Nancy Bell, Apr. 4, 1978-June 20, 1985; Linda Van Langen, June 27, 1985-</subfield></datafield><datafield ind1=" " ind2=" " tag="500"><subfield code="a">Editors: Nancy Bell, Dec. 4, 1980-June 20, 1985; Linda Van Langen, June 27, 1985-</subfield></datafield><datafield ind1=" " ind2=" " tag="525"><subfield code="a">Stratford centennial commemorated in June 19-July 13, 1980, issues; includes other occasional suppplements.</subfield></datafield><datafield ind1=" " ind2=" " tag="588"><subfield code="a">Latest issue consulted: Vol. 11, no. 15 (July 13, 1988).</subfield></datafield><datafield ind1=" " ind2=" " tag="752"><subfield code="a">United States</subfield><subfield code="b">Iowa</subfield><subfield code="c">Hamilton</subfield><subfield code="d">Stratford.</subfield></datafield><datafield ind1="1" ind2=" " tag="029"><subfield code="a">AU@</subfield><subfield code="b">000025790369</subfield></datafield></record>